@inproceedings{dirac1939new,
  title =	 {A new notation for quantum mechanics},
  author =	 {Dirac, Paul Adrien Maurice},
  booktitle =	 {Mathematical proceedings of the Cambridge
                  philosophical society},
  volume =	 35,
  number =	 3,
  pages =	 {416--418},
  year =	 1939,
  organization = {Cambridge University Press}
}

@misc{hadamardgate,
  title =	 {Hadamard gate},
  year =	 {(accessed June 11, 2025)},
  howpublished =
                  "\url{http://web.archive.org/web/20241229195644/https://www.quantum-inspire.com/kbase/hadamard/}"
}

@inproceedings{grover1996fast,
  title =	 {A fast quantum mechanical algorithm for database
                  search},
  author =	 {Grover, Lov K},
  booktitle =	 {Proceedings of the twenty-eighth annual ACM
                  symposium on Theory of computing},
  pages =	 {212--219},
  year =	 1996
}

@inproceedings{shor1994algorithms,
  title={Algorithms for quantum computation: discrete logarithms and factoring},
  author={Shor, Peter W},
  booktitle={Proceedings 35th annual symposium on foundations of computer science},
  pages={124--134},
  year={1994},
  organization={Ieee}
}
